@article{gebruetal, 
 title={Datasheets for Datasets}, 
 url={http://arxiv.org/abs/1803.09010}, 
 DOI={10.48550/arXiv.1803.09010}, 
 note={arXiv:1803.09010 [cs]}, 
 number={arXiv:1803.09010}, 
 publisher={arXiv}, 
 author={Gebru, Timnit and Morgenstern, Jamie and Vecchione, Briana and Vaughan, Jennifer Wortman and Wallach, Hanna and Daum√© III, Hal and Crawford, Kate}, 
 year={2021}, 
 month=dec 
}


